%%%%%%%%%%%%%%%%%%%%%%%%%%%%%%%%%%%%%%%%%%%%%%%%%%%%%%%%%%%%%%%%%%%%%%%%%%%%%%%%
% BIBLIOGRAFÍA                                                                 %
%                                                                              %
% Objetivo: Recopilar las referencias a información utilizadas y/o algunas     %
%           otras que puedan resultar interesantes                             %
%%%%%%%%%%%%%%%%%%%%%%%%%%%%%%%%%%%%%%%%%%%%%%%%%%%%%%%%%%%%%%%%%%%%%%%%%%%%%%%%

@Misc{CantigasSantaMariaClarinetesOboesDuplos,
 title = {Cantigas de Santa María},
 year = {s. XIII},
 author = {Afonso X O Sabio},
 howpublished = {\url{http://gl.wikipedia.org/wiki/Cantigas_de_Santa_Mar%C3%ADa}}
}

@Misc{WikipediaGaitaGalega,
 author = {Wikipedia},
 title = {Gaita galega},
 year = {2013},
 howpublished = {\url{http://gl.wikipedia.org/wiki/Gaita_galega}}
}

@Misc{AGGGaitaGalega,
 author = {Asociación de Gaiteiros Galegos},
 title = {A casa da gaita},
 year = {2013},
 howpublished = {\url{http://www.gaiteirosgalegos.com/index.php?option=com_content&view=article&id=1835}}
}

@Book{BrunoVillamorCaderno15,
 title = {Cadernos de Gaita, Caderno 15: Temperando},
 publisher = {Dos Acordes},
 year = {2009},
 author = {Bruno Villamor Gay},
 isbn = {979-0-801231-59-8}
}

@Misc{PabloCarpintero,
 title = {Os instrumentos musicais na tradición galega},
 publisher = {Difusora de letras, artes e ideas},
 year = {2010},
 author = {Pablo Carpintero Arias},
 howpublished = {\url{http://www.consellodacultura.org/asg/instrumentos/clasificacion/os-aerofonos/aerofonos-de-lingueta/aerofonos-de-lingueta-dupla-dotados-de-fol-as-gaitas-de-fol/}}
}

@Book{BrunoVillamorCaderno18,
 title = {Cadernos de Gaita, Caderno 18: Temperando},
 publisher = {Dos Acordes},
 year = {2010},
 author = {Bruno Villamor Gay},
 isbn = {979-0-801231-79-6}
}

@Misc{WikipediaMIDI,
 author = {Wikipedia},
 title = {MIDI - Musical Instrument Digital Interface},
 year = {2013},
 howpublished = {\url{http://en.wikipedia.org/wiki/Musical_Instrument_Digital_Interface}}
}

@Misc{OSC,
 author = {Wikipedia},
 title = {OSC - Open Sound Control},
 year = {2013},
 howpublished = {\url{http://en.wikipedia.org/wiki/Open_Sound_Control}}
}

@Misc{HDMIDI,
 author = {Ask Audio},
 title = {MIDI 2.0? Next Steps and MIDI Alternatives for Musicians},
 year = {2013},
 howpublished = {\url{https://ask.audio/articles/midi-20-next-steps-and-midi-alternatives-for-musicians}}
}

@Misc{NikReiman,
 author = {Nik Reiman},
 title = {A viable alternative to MIDI?},
 year = {2012},
 howpublished = {\url{https://stackoverflow.com/a/8962034}}
}

@Misc{MasterGaita,
 author = {José J. Presedo},
 title = {Master Gaita},
 howpublished = {\url{http://www.arrakis.es/~jpresedo/midig/mggal.html}}
}

@Misc{Technopipes,
 author = {Anders Fagerstrom},
 title = {Technopipes},
 howpublished = {\url{http://www.fagerstrom.com/technopipes/index.html}}
}

@Misc{ePipe,
 author = {Rui Cardoso},
 title = {ePipe},
 howpublished = {\url{http://digitalelectronica.com.sapo.pt/ePipe.htm}}
}

@Misc{HeviaMBS300,
 author = {José Ángel Hevia Velasco},
 title = {Hevia Electronic Bagpipes},
 howpublished = {\url{http://heviaelectronicbagpipes.com/}}
}

@Misc{OpenPipe,
 author = {Santiago J. Barro Torres},
 title = {Diseño e implementación de un sistema autónomo basado en controlador MIDI para la interpretación de gaita gallega},
 howpublished = {\url{http://kmelot.biblioteca.udc.es/record=b1408588~S1*gag}}
}

@Manual{TemarioES,
 title = {Temario da materia Enxeñería do Software},
 author = {Dr. Javier Andrade Garda},
 organization = {Facultade de Informática - Universidade da Coruña},
 year = {2010},
}

@Misc{OpenProj,
 author = {OpenProj},
 title = {OpenProj},
 year = {2008},
 howpublished = {\url{http://sourceforge.net/projects/openproj/}}
}

@Misc{Planner,
 author = {GNOME},
 title = {Planner},
 year = {2011},
 howpublished = {\url{https://wiki.gnome.org/action/show/Apps/Planner?action=show&redirect=Planner}}
}

@Misc{GanttProject,
 author = {GanttProject},
 title = {GanttProject},
 howpublished = {\url{http://www.ganttproject.biz/}}
}

@Misc{LibrePlan,
 author = {Igalia S.L.},
 title = {LibrePlan},
 howpublished = {\url{http://www.libreplan.com/}}
}

@Misc{MSProject,
 author = {Microsoft},
 title = {Project},
 howpublished = {\url{http://office.microsoft.com/es-es/project/}}
}

@Misc{Enquisa,
 author = {Proxecto Puding},
 title = {Estudio de viabilidade},
 howpublished = {\url{http://enquisa.proxecto-puding.org/}}
}

@Misc{ProblemaFermi,
 author = {Wikipedia},
 title = {Problema de Fermi},
 howpublished = {\url{http://es.wikipedia.org/wiki/Problema_de_Fermi}}
}

@Misc{AGG,
 author = {Asociación de Gaiteiros Galegos},
 title = {A asociación de tódolos músicos tradicionais de Galicia},
 howpublished = {\url{http://www.gaiteirosgalegos.com}}
}

@Misc{TamanoMuestra,
 title = {Estadística aplicada a las Ciencias Sociales. Tamaño necesario de la muestra: ¿Cuántos sujetos necesitamos?},
 author = {Pedro Morales Vallejo},
 organization = {Facultad de Humanidades - Universidad Pontificia de Comillas},
 year = {2012},
 howpublished = {\url{http://www.upcomillas.es/personal/peter/investigacion/Tama%C3%B1oMuestra.pdf}}
}

@Misc{LisLatas,
 author = {Lis Latas},
 title = {Obradoiro de Gaitas Lis Latas},
 howpublished = {\url{http://www.lislatas.com/}}
}

@Misc{PVG,
 author = {Pepe Vaamonde},
 title = {Pepe Vaamonde Grupo},
 howpublished = {\url{http://www.pepevaamondegrupo.com}}
}

@Misc{Arduino,
 author = {Arduino},
 title = {Arduino},
 howpublished = {\url{http://arduino.cc/}}
}

@Misc{BeagleBone,
 author = {BeagleBoard Foundation},
 title = {BeagleBone},
 howpublished = {\url{http://beagleboard.org/}}
}

@Misc{PandaBoard,
 author = {PandaBoard},
 title = {PandaBoard},
 howpublished = {\url{http://pandaboard.org/}}
}

@Misc{QTouch,
 author = {Atmel},
 title = {QTouch},
 howpublished = {\url{http://www.atmel.com/products/touchsolutions/touchsoftware/default.aspx}}
}

@Misc{RaspberryPi,
 author = {Raspberry Pi Foundation},
 title = {Raspberry Pi},
 howpublished = {\url{http://www.raspberrypi.org/}}
}

@Misc{SparkFun,
 author = {SparkFun Electronics},
 title = {SparkFun},
 howpublished = {\url{http://www.sparkfun.com/}}
}

@Misc{BricoGeek,
 author = {BricoGeek},
 title = {BricoGeek},
 howpublished = {\url{http://www.bricogeek.com}}
}

@Misc{CookingHacks,
 author = {Libelium},
 title = {Cooking Hacks},
 howpublished = {\url{http://www.cooking-hacks.com/}}
}

@Misc{BMP085,
 author = {SparkFun},
 title = {BMP085},
 howpublished = {\url{https://www.sparkfun.com/products/9694}}
}

@Misc{MPR121,
 author = {SparkFun},
 title = {MPR121},
 howpublished = {\url{https://www.sparkfun.com/products/9695}}
}

@Misc{ArduinoFio,
 author = {Arduino},
 title = {Arduino Fio},
 howpublished = {\url{http://arduino.cc/en/Main/ArduinoBoardFio}}
}

@Misc{XBee,
 author = {Digi},
 title = {XBee},
 howpublished = {\url{http://www.digi.com/xbee}}
}

@Misc{XBeeZB,
 author = {Digi},
 title = {XBee ZB},
 howpublished = {\url{http://www.digi.com/products/wireless-wired-embedded-solutions/zigbee-rf-modules/zigbee-mesh-module/xbee-zb-module}}
}

@Misc{ZigBee,
 author = {Wikipedia},
 title = {ZigBee},
 howpublished = {\url{http://es.wikipedia.org/wiki/ZigBee}}
}

@Misc{ArduinoBluetooth,
 author = {Arduino},
 title = {Arduino Bluetooth},
 howpublished = {\url{http://arduino.cc/en/Main/ArduinoBoardBluetooth}}
}

@Misc{Bluetooth,
 author = {Bluetooth},
 title = {Bluetooth},
 howpublished = {\url{http://en.wikipedia.org/wiki/Bluetooth}}
}

@Misc{WiFi,
 author = {EMFWISE},
 title = {WiFi},
 howpublished = {\url{http://emfwise.com/distance.php#smartmeter}}
}

@Misc{ComparativaZigBee,
 author = {STG},
 title = {Comparativa ZigBee},
 howpublished = {\url{http://www.stg.com/wireless/ZigBee_comp.html}}
}

@Misc{ComunicacionXBee,
 author = {BricoGeek},
 title = {Comunicación XBee},
 howpublished = {\url{http://www.bricogeek.com/shop/modulos-radiofrecuencia/411-xbee-2mw-con-antena-chip-serie-2-zb.html}}
}

@Misc{SparkFunMIDI,
 author = {SparkFun},
 title = {MIDI Breakout},
 howpublished = {\url{https://www.sparkfun.com/products/retired/9598}}
}

@Misc{XBeeExplorer,
 author = {SparkFun},
 title = {XBee Explorer USB},
 howpublished = {\url{https://www.sparkfun.com/products/8687}}
}

@Misc{ZigBeeProtocolStack,
 author = {Wikipedia},
 title = {ZigBee Protocol Stack},
 howpublished = {\url{http://es.wikipedia.org/wiki/ZigBee_(especificación)}}
}

@Misc{FT232RL,
 author = {Hispasonic},
 title = {FT232RL},
 howpublished = {\url{http://www.hispasonic.com/foros/usa-arduino-para-comunicarse-ft232/324759}}
}

@Misc{Moco,
 author = {MorecatLab},
 title = {Moco - MIDI Firmware for Arduino},
 howpublished = {\url{http://morecatlab.akiba.coocan.jp/lab/index.php/aruino/midi-firmware-for-arduino-uno-moco/?lang=en}}
}

@Misc{XBeeExplorer,
 author = {SparkFun},
 title = {XBee Explorer USB},
 howpublished = {\url{https://www.sparkfun.com/products/8687}}
}

@Misc{ArduinoDuemilanove,
 author = {Arduino},
 title = {Arduino Duemilanove},
 howpublished = {\url{http://arduino.cc/en/Main/ArduinoBoardDuemilanove}}
}

@Misc{ArduinoUno,
 author = {Arduino},
 title = {Arduino Uno},
 howpublished = {\url{http://arduino.cc/en/Main/ArduinoBoardUno}}
}

@Misc{ArduinoLeonardo,
 author = {Arduino},
 title = {Arduino Leonardo},
 howpublished = {\url{http://arduino.cc/en/Main/ArduinoBoardLeonardo}}
}

@Misc{ArduinoWirelessShield,
 author = {Arduino},
 title = {Arduino Wireless SD Shield},
 howpublished = {\url{http://arduino.cc/en/Main/ArduinoWirelessShield}}
}

@Misc{ArduinoWirelessProtoShield,
 author = {Arduino},
 title = {Arduino Wireless Proto Shield},
 howpublished = {\url{http://arduino.cc/en/Main/ArduinoWirelessProtoShield}}
}

@Misc{MicroDriveG1,
 author = {4D Systems},
 title = {MicroDrive G1},
 howpublished = {\url{http://old.4dsystems.com.au/prod.php?id=22}}
}

@Misc{LiPo,
 author = {BricoGeek},
 title = {LiPo 850 mAh},
 howpublished = {\url{http://www.bricogeek.com/shop/baterias-lipo/342-bateria-lipo-850mah.html}}
}

@Misc{Eagle,
 author = {CadSoft},
 title = {Eagle},
 howpublished = {\url{http://www.cadsoftusa.com/}}
}

@Misc{Fritzing,
 author = {Friends-of-Fritzing Foundation},
 title = {Fritzing},
 howpublished = {\url{http://fritzing.org/}}
}

@Misc{FioContribucionsFritzing,
 author = {Friends-of-Fritzing Foundation},
 title = {Fío de contribucións a Fritzing},
 howpublished = {\url{http://code.google.com/p/fritzing/issues/detail?id=875#c208}}
}

@Misc{BDD,
 author = {Wikipedia},
 title = {BDD},
 howpublished = {\url{https://en.wikipedia.org/wiki/Behavior-driven_development}}
}

@Misc{TDD,
 author = {Wikipedia},
 title = {TDD},
 howpublished = {\url{https://en.wikipedia.org/wiki/Test-driven_development}}
}

@Misc{MIDILibrary,
 author = {FortySevenEffects},
 title = {MIDI for Arduino},
 howpublished = {\url{https://playground.arduino.cc/Main/MIDILibrary}}
}

@Misc{aJSON,
 author = {Interactive Matter},
 title = {aJSON},
 howpublished = {\url{https://github.com/interactive-matter/aJson}}
}

@Misc{ArduinoJson,
 author = {Benoît Blanchon},
 title = {Arduino Json},
 howpublished = {\url{https://github.com/bblanchon/ArduinoJson}}
}

@Misc{Guice,
 author = {Google},
 title = {Guice},
 howpublished = {\url{https://github.com/google/guice}}
}

@Misc{Guava,
 author = {Google},
 title = {Guava},
 howpublished = {\url{https://github.com/google/guava}}
}

@Misc{RXTX,
 author = {GNU},
 title = {RXTX},
 howpublished = {\url{http://rxtx.qbang.org}}
}

@Misc{jSSC,
 author = {Alexey Sokolov},
 title = {Java Simple Serial Connector},
 howpublished = {\url{http://rxtx.qbang.org}}
}

@Misc{Gson,
 author = {Google},
 title = {Gson},
 howpublished = {\url{https://github.com/google/gson}}
}

@Misc{Timidity,
 author = {Wikipedia},
 title = {Timidity},
 howpublished = {\url{https://en.wikipedia.org/wiki/TiMidity%2B%2B}}
}

@Misc{AfinacionTemperada,
 author = {Wikipedia},
 title = {Afinación temperada},
 howpublished = {\url{https://en.wikipedia.org/wiki/Equal_temperament}}
}

@Misc{AfinacionNatural,
 author = {Wikipedia},
 title = {Afinación natural},
 howpublished = {\url{https://en.wikipedia.org/wiki/Just_intonation}}
}

@Misc{Escalas,
 author = {Escuela Universitaria de Música - Universidad de la República de Uruguay},
 title = {Escalas},
 howpublished = {\url{http://www.eumus.edu.uy/eme/ensenanza//acustica/apuntes/afyesc2/escalas.html}}
}

@Misc{TitorialFritzing,
 author = {TLAANA},
 title = {Titorial de creación de compoñentes para Fritzing},
 howpublished = {\url{http://tlaana.com/recursos/crea-tus-propios-componentes-para-fritzing-fzp-parte-2/}}
}

@Misc{ContribucionFritzing,
 author = {Friends-of-Fritzing Foundation},
 title = {Contribución ó proxecto Fritzing},
 howpublished = {\url{http://code.google.com/p/fritzing/issues/detail?id=875#c371}}
}

@Misc{WikipediaArduino,
 author = {Wikipedia},
 title = {Arduino},
 year = {2013},
 howpublished = {\url{http://gl.wikipedia.org/wiki/Arduino}}
}
